<record><leader>00000cas a22000007a 4500</leader><controlfield tag="001">10684042</controlfield><controlfield tag="008">840502d1869187uwvuwr ne      0    0eng d</controlfield><datafield ind1=" " ind2=" " tag="010"><subfield code="a">sn 84026808 </subfield></datafield><datafield ind1=" " ind2=" " tag="040"><subfield code="a">NPU</subfield><subfield code="b">eng</subfield><subfield code="c">NPU</subfield><subfield code="d">NPX</subfield><subfield code="d">WVC</subfield><subfield code="d">OCLCQ</subfield></datafield><datafield ind1=" " ind2=" " tag="042"><subfield code="a">msc</subfield></datafield><datafield ind1="0" ind2="4" tag="245"><subfield code="a">The Moundsville national.</subfield></datafield><datafield ind1=" " ind2=" " tag="260"><subfield code="a">Moundsville, W. Va. :</subfield><subfield code="b">Richard G. Patrick</subfield></datafield><datafield ind1=" " ind2=" " tag="300"><subfield code="a">v. ;</subfield><subfield code="c">61 cm.</subfield></datafield><datafield ind1=" " ind2=" " tag="310"><subfield code="a">Weekly</subfield></datafield><datafield ind1="1" ind2=" " tag="362"><subfield code="a">Began in 1869?</subfield></datafield><datafield ind1=" " ind2=" " tag="588"><subfield code="a">Description based on: Vol. 7, no. 13 (Feb. 27, 1873).</subfield></datafield><datafield ind1=" " ind2=" " tag="752"><subfield code="a">United States</subfield><subfield code="b">West Virginia</subfield><subfield code="c">Marshall</subfield><subfield code="d">Moundsville.</subfield></datafield><datafield ind1="0" ind2="0" tag="780"><subfield code="t">National</subfield><subfield code="w">(DLC)sn 86092343</subfield></datafield></record>